%YAML 1.1
%TAG !u! tag:unity3d.com,2011:
--- !u!1 &3937943312844674337
GameObject:
  m_ObjectHideFlags: 0
  m_CorrespondingSourceObject: {fileID: 0}
  m_PrefabInstance: {fileID: 0}
  m_PrefabAsset: {fileID: 0}
  serializedVersion: 6
  m_Component:
  - component: {fileID: 3941655873449863215}
  - component: {fileID: 3952840475245905859}
  - component: {fileID: 3958720683691693407}
  - component: {fileID: 5040172809857555080}
  - component: {fileID: 6690775548022151384}
  - component: {fileID: 3768535604353854257}
  - component: {fileID: 7781897335050052570}
  - component: {fileID: 1013884827757207025}
  m_Layer: 0
  m_Name: Jewel_03
  m_TagString: Jewel
  m_Icon: {fileID: 0}
  m_NavMeshLayer: 0
  m_StaticEditorFlags: 0
  m_IsActive: 1
--- !u!4 &3941655873449863215
Transform:
  m_ObjectHideFlags: 0
  m_CorrespondingSourceObject: {fileID: 0}
  m_PrefabInstance: {fileID: 0}
  m_PrefabAsset: {fileID: 0}
  m_GameObject: {fileID: 3937943312844674337}
  m_LocalRotation: {x: 0, y: -0, z: -0, w: 1}
  m_LocalPosition: {x: -37, y: 0, z: 2.4}
  m_LocalScale: {x: 0.01, y: 0.01, z: 0.01}
  m_Children:
  - {fileID: 1246560675991421849}
  m_Father: {fileID: 0}
  m_RootOrder: 0
  m_LocalEulerAnglesHint: {x: 0, y: 0, z: 0}
--- !u!33 &3952840475245905859
MeshFilter:
  m_ObjectHideFlags: 0
  m_CorrespondingSourceObject: {fileID: 0}
  m_PrefabInstance: {fileID: 0}
  m_PrefabAsset: {fileID: 0}
  m_GameObject: {fileID: 3937943312844674337}
  m_Mesh: {fileID: 4300000, guid: 8d85220cb8fe685489255581912a9894, type: 3}
--- !u!23 &3958720683691693407
MeshRenderer:
  m_ObjectHideFlags: 0
  m_CorrespondingSourceObject: {fileID: 0}
  m_PrefabInstance: {fileID: 0}
  m_PrefabAsset: {fileID: 0}
  m_GameObject: {fileID: 3937943312844674337}
  m_Enabled: 1
  m_CastShadows: 1
  m_ReceiveShadows: 1
  m_DynamicOccludee: 1
  m_MotionVectors: 1
  m_LightProbeUsage: 1
  m_ReflectionProbeUsage: 1
  m_RenderingLayerMask: 1
  m_RendererPriority: 0
  m_Materials:
  - {fileID: 2100000, guid: c5fe62ddf4bb7644aaaf993ed8f9aae5, type: 2}
  m_StaticBatchInfo:
    firstSubMesh: 0
    subMeshCount: 0
  m_StaticBatchRoot: {fileID: 0}
  m_ProbeAnchor: {fileID: 0}
  m_LightProbeVolumeOverride: {fileID: 0}
  m_ScaleInLightmap: 1
  m_PreserveUVs: 0
  m_IgnoreNormalsForChartDetection: 0
  m_ImportantGI: 0
  m_StitchLightmapSeams: 0
  m_SelectedEditorRenderState: 3
  m_MinimumChartSize: 4
  m_AutoUVMaxDistance: 0.5
  m_AutoUVMaxAngle: 89
  m_LightmapParameters: {fileID: 0}
  m_SortingLayerID: 0
  m_SortingLayer: 0
  m_SortingOrder: 0
--- !u!114 &5040172809857555080
MonoBehaviour:
  m_ObjectHideFlags: 0
  m_CorrespondingSourceObject: {fileID: 0}
  m_PrefabInstance: {fileID: 0}
  m_PrefabAsset: {fileID: 0}
  m_GameObject: {fileID: 3937943312844674337}
  m_Enabled: 1
  m_EditorHideFlags: 0
  m_Script: {fileID: 11500000, guid: 3625a1b334ae11f4b9e02aa5428b1e04, type: 3}
  m_Name: 
  m_EditorClassIdentifier: 
  Jewel_Cost: 100
  Explode_prefab: {fileID: 1290715649332758, guid: e89db0fab4aac4e4b92b184431966301,
    type: 3}
--- !u!64 &6690775548022151384
MeshCollider:
  m_ObjectHideFlags: 0
  m_CorrespondingSourceObject: {fileID: 0}
  m_PrefabInstance: {fileID: 0}
  m_PrefabAsset: {fileID: 0}
  m_GameObject: {fileID: 3937943312844674337}
  m_Material: {fileID: 0}
  m_IsTrigger: 0
  m_Enabled: 1
  serializedVersion: 3
  m_Convex: 1
  m_CookingOptions: 14
  m_Mesh: {fileID: 4300000, guid: 8d85220cb8fe685489255581912a9894, type: 3}
--- !u!54 &3768535604353854257
Rigidbody:
  m_ObjectHideFlags: 0
  m_CorrespondingSourceObject: {fileID: 0}
  m_PrefabInstance: {fileID: 0}
  m_PrefabAsset: {fileID: 0}
  m_GameObject: {fileID: 3937943312844674337}
  serializedVersion: 2
  m_Mass: 1
  m_Drag: 0
  m_AngularDrag: 0.05
  m_UseGravity: 1
  m_IsKinematic: 0
  m_Interpolate: 0
  m_Constraints: 4
  m_CollisionDetection: 0
--- !u!114 &7781897335050052570
MonoBehaviour:
  m_ObjectHideFlags: 0
  m_CorrespondingSourceObject: {fileID: 0}
  m_PrefabInstance: {fileID: 0}
  m_PrefabAsset: {fileID: 0}
  m_GameObject: {fileID: 3937943312844674337}
  m_Enabled: 1
  m_EditorHideFlags: 0
  m_Script: {fileID: 11500000, guid: e140b300e1954ab45bfd4e8ee70d61dc, type: 3}
  m_Name: 
  m_EditorClassIdentifier: 
  tumble: 0
--- !u!114 &1013884827757207025
MonoBehaviour:
  m_ObjectHideFlags: 0
  m_CorrespondingSourceObject: {fileID: 0}
  m_PrefabInstance: {fileID: 0}
  m_PrefabAsset: {fileID: 0}
  m_GameObject: {fileID: 3937943312844674337}
  m_Enabled: 1
  m_EditorHideFlags: 0
  m_Script: {fileID: 11500000, guid: 7f7972c1e2daa584c8bbeef7bc7f1244, type: 3}
  m_Name: 
  m_EditorClassIdentifier: 
  mass_multiplier: 5
--- !u!1001 &1243621636901086473
PrefabInstance:
  m_ObjectHideFlags: 0
  serializedVersion: 2
  m_Modification:
    m_TransformParent: {fileID: 3941655873449863215}
    m_Modifications:
    - target: {fileID: 1291432376826416, guid: ae5e9d0da5672704e9fd3367770b99cb, type: 3}
      propertyPath: m_Name
      value: FX_Beacon
      objectReference: {fileID: 0}
    - target: {fileID: 4106807547668112, guid: ae5e9d0da5672704e9fd3367770b99cb, type: 3}
      propertyPath: m_LocalPosition.x
      value: 0
      objectReference: {fileID: 0}
    - target: {fileID: 4106807547668112, guid: ae5e9d0da5672704e9fd3367770b99cb, type: 3}
      propertyPath: m_LocalPosition.y
      value: 0
      objectReference: {fileID: 0}
    - target: {fileID: 4106807547668112, guid: ae5e9d0da5672704e9fd3367770b99cb, type: 3}
      propertyPath: m_LocalPosition.z
      value: 0
      objectReference: {fileID: 0}
    - target: {fileID: 4106807547668112, guid: ae5e9d0da5672704e9fd3367770b99cb, type: 3}
      propertyPath: m_LocalRotation.x
      value: -0
      objectReference: {fileID: 0}
    - target: {fileID: 4106807547668112, guid: ae5e9d0da5672704e9fd3367770b99cb, type: 3}
      propertyPath: m_LocalRotation.y
      value: -0
      objectReference: {fileID: 0}
    - target: {fileID: 4106807547668112, guid: ae5e9d0da5672704e9fd3367770b99cb, type: 3}
      propertyPath: m_LocalRotation.z
      value: -0
      objectReference: {fileID: 0}
    - target: {fileID: 4106807547668112, guid: ae5e9d0da5672704e9fd3367770b99cb, type: 3}
      propertyPath: m_LocalRotation.w
      value: 1
      objectReference: {fileID: 0}
    - target: {fileID: 4106807547668112, guid: ae5e9d0da5672704e9fd3367770b99cb, type: 3}
      propertyPath: m_RootOrder
      value: 0
      objectReference: {fileID: 0}
    - target: {fileID: 4106807547668112, guid: ae5e9d0da5672704e9fd3367770b99cb, type: 3}
      propertyPath: m_LocalEulerAnglesHint.x
      value: 0
      objectReference: {fileID: 0}
    - target: {fileID: 4106807547668112, guid: ae5e9d0da5672704e9fd3367770b99cb, type: 3}
      propertyPath: m_LocalEulerAnglesHint.y
      value: 0
      objectReference: {fileID: 0}
    - target: {fileID: 4106807547668112, guid: ae5e9d0da5672704e9fd3367770b99cb, type: 3}
      propertyPath: m_LocalEulerAnglesHint.z
      value: 0
      objectReference: {fileID: 0}
    - target: {fileID: 4106807547668112, guid: ae5e9d0da5672704e9fd3367770b99cb, type: 3}
      propertyPath: m_LocalScale.x
      value: 10
      objectReference: {fileID: 0}
    - target: {fileID: 4106807547668112, guid: ae5e9d0da5672704e9fd3367770b99cb, type: 3}
      propertyPath: m_LocalScale.y
      value: 10
      objectReference: {fileID: 0}
    - target: {fileID: 4106807547668112, guid: ae5e9d0da5672704e9fd3367770b99cb, type: 3}
      propertyPath: m_LocalScale.z
      value: 10
      objectReference: {fileID: 0}
    m_RemovedComponents: []
  m_SourcePrefab: {fileID: 100100000, guid: ae5e9d0da5672704e9fd3367770b99cb, type: 3}
--- !u!4 &1246560675991421849 stripped
Transform:
  m_CorrespondingSourceObject: {fileID: 4106807547668112, guid: ae5e9d0da5672704e9fd3367770b99cb,
    type: 3}
  m_PrefabInstance: {fileID: 1243621636901086473}
  m_PrefabAsset: {fileID: 0}
